% ....nĂˇzov sĂşboru je: literatura.bib
% kniha
@book{aggarwal2016,
  author = {Charu C. Aggarwal},
  title = {Recommender Systems: The Textbook},
  year = {2016},
  publisher = {Springer International Publishing},
  address = {Switzerland},
  isbn = {978-3-319-29658-3},
}

@article{user2019impact,
  author = {Jane Doe and John Smith},
  title = {The Impact of AI on Modern Business},
  journal = {Journal of Business AI},
  volume = {15},
  number = {3},
  pages = {56--78},
  year = {2019},
  publisher = {Business Publishers},
}

% ÄŤlĂˇnok v zbornĂ­ku
@inproceedings{Czarnecki:Progress,
	author = "Krzysztof Czarnecki and Chang Hwan Peter Kim",
	title = "Cardinality-Based Feature Modeling and Constraints: A Progress Report",
	booktitle = "International Workshop on Software Factories, OOPSLA 2005",
	month = oct,
	year = "2005",
	address = "San Diego, USA",
}

% technickĂˇ sprĂˇva (nepublikovanĂˇ)
@techreport{Kang:FODA,
	author = "Kyo C. Kang and Sholom G. Cohen and James A. Hess and William E. Novak and A. Spencer Peterson",
	title = "Feature-Oriented Domain Analysis ({FODA}): A Feasibility Study",
	institution = "Software Engineering Institute, Carnegie Mellon University",
	address = "Pittsburgh, USA",
	month = nov,
	year = 1990,
	number = "CMU/SEI-90-TR-21",
}

% zdroj na webe
@misc{PLP-Framework,
	author = "Software Engineering Institute, Carnegie Mellon University",
	title = "A Framework for Software Product Line Practice---Version 5.0",
	howpublished = "\url{http://www.sei.cmu.edu/productlines/frame_report/}",
}